2020-05-30 15:23:53,BTCUSDT,Buy,1,9500.41,0
2020-05-30 15:26:07,BTCUSDT,Buy,1,9502.14,0
2020-05-30 15:26:08,BTCUSDT,Sell,1,9502.14,0.0
2020-05-30 15:26:09,BTCUSDT,Buy,1,9502.01,0.0
2020-05-30 15:26:11,BTCUSDT,Sell,1,9500.58,-1.430000000000291
2020-05-30 15:26:13,BTCUSDT,Buy,1,9499.12,-1.430000000000291
2020-05-30 15:26:15,BTCUSDT,Buy,1,9499.96,-1.430000000000291
2020-05-30 15:26:16,BTCUSDT,Buy,1,9499.18,-1.430000000000291
2020-05-30 15:26:18,BTCUSDT,Buy,1,9498.29,-1.430000000000291
2020-05-30 15:26:19,BTCUSDT,Buy,1,9498.87,-1.430000000000291
2020-05-30 15:26:21,BTCUSDT,Buy,1,9497.55,-1.430000000000291
2020-05-30 15:26:22,BTCUSDT,Buy,1,9498.36,-1.430000000000291
2020-05-30 15:26:26,BTCUSDT,Sell,1,9497.48,-3.070000000001528
2020-05-30 15:26:28,BTCUSDT,Buy,1,9497.83,-3.070000000001528
2020-05-30 15:26:30,BTCUSDT,Sell,1,9497.99,-5.040000000000873
2020-05-30 15:26:32,BTCUSDT,Buy,1,9497.93,-5.040000000000873
2020-05-30 15:26:36,BTCUSDT,Sell,1,9498.06,-6.1600000000016735
2020-05-30 15:26:37,BTCUSDT,Buy,1,9497.64,-6.1600000000016735
2020-05-30 15:26:39,BTCUSDT,Sell,1,9498.01,-6.440000000002328
2020-05-30 15:26:40,BTCUSDT,Sell,1,9498.01,-7.30000000000291
2020-05-30 15:26:41,BTCUSDT,Sell,1,9498.01,-6.8400000000019645
2020-05-30 15:26:42,BTCUSDT,Sell,1,9498.01,-7.190000000002328
2020-05-30 15:26:44,BTCUSDT,Buy,1,9498.01,-7.190000000002328
2020-05-30 15:26:45,BTCUSDT,Sell,1,9498.01,-7.010000000002037
2020-05-30 15:26:47,BTCUSDT,Sell,1,9498.01,-6.93000000000211
2020-05-30 15:26:48,BTCUSDT,Sell,1,9498.01,-6.56000000000131
2020-05-30 15:26:49,BTCUSDT,Buy,1,9498.01,-6.56000000000131
2020-05-30 15:26:50,BTCUSDT,Sell,1,9498.01,-6.56000000000131
2020-05-30 15:26:51,BTCUSDT,Sell,1,9498.01,-6.56000000000131
2020-05-30 15:26:52,BTCUSDT,Buy,1,9498.01,-6.56000000000131
2020-05-30 15:26:53,BTCUSDT,Sell,1,9498.03,-6.540000000000873
2020-05-30 15:27:11,BTCUSDT,Buy,1,9497.82,-6.540000000000873
2020-05-30 15:27:12,BTCUSDT,Buy,1,9497.43,-6.540000000000873
2020-05-30 15:27:13,BTCUSDT,Sell,1,9495.53,-8.829999999999927
2020-05-30 15:27:14,BTCUSDT,Sell,1,9495.74,-10.520000000000437
2020-05-30 15:27:15,BTCUSDT,Buy,1,9495.7,-10.520000000000437
2020-05-30 15:27:17,BTCUSDT,Buy,1,9495.63,-10.520000000000437
2020-05-30 15:27:18,BTCUSDT,Sell,1,9495.54,-10.680000000000291
2020-05-30 15:27:19,BTCUSDT,Buy,1,9495.54,-10.680000000000291
2020-05-30 15:27:20,BTCUSDT,Buy,1,9495.36,-10.680000000000291
2020-05-30 15:27:21,BTCUSDT,Buy,1,9495.68,-10.680000000000291
2020-05-30 15:27:22,BTCUSDT,Buy,1,9494.76,-10.680000000000291
2020-05-30 15:27:24,BTCUSDT,Buy,1,9494.76,-10.680000000000291
2020-05-30 15:27:26,BTCUSDT,Sell,1,9494.57,-11.739999999999782
2020-05-30 15:27:27,BTCUSDT,Sell,1,9494.57,-12.710000000000946
2020-05-30 15:27:28,BTCUSDT,Sell,1,9494.62,-13.450000000000728
2020-05-30 15:27:30,BTCUSDT,Sell,1,9496.47,-12.660000000001673
2020-05-30 15:27:31,BTCUSDT,Sell,1,9494.12,-13.300000000001091
2020-05-30 15:27:32,BTCUSDT,Sell,1,9494.12,-13.94000000000051
2020-05-30 15:27:34,BTCUSDT,Buy,1,9494.12,-13.94000000000051
2020-05-30 15:27:35,BTCUSDT,Buy,1,9494.12,-13.94000000000051
2020-05-30 15:27:36,BTCUSDT,Buy,1,9494.12,-13.94000000000051
2020-05-30 15:27:37,BTCUSDT,Sell,1,9494.12,-13.94000000000051
2020-05-30 15:27:40,BTCUSDT,Buy,1,9494.11,-13.94000000000051
2020-05-30 15:27:42,BTCUSDT,Buy,1,9494.18,-13.94000000000051
2020-05-30 15:27:45,BTCUSDT,Sell,1,9493.59,-14.470000000001164
2020-05-30 15:27:46,BTCUSDT,Buy,1,9493.59,-14.470000000001164
2020-05-30 15:27:47,BTCUSDT,Sell,1,9493.6,-14.9900000000016
2020-05-30 15:27:48,BTCUSDT,Sell,1,9493.59,-15.510000000002037
2020-05-30 15:27:50,BTCUSDT,Sell,1,9493.6,-16.090000000001965
2020-05-30 15:27:51,BTCUSDT,Buy,1,9493.59,-16.090000000001965
2020-05-30 15:27:52,BTCUSDT,Sell,1,9493.6,-16.080000000001746
2020-05-30 15:27:53,BTCUSDT,Sell,1,9496.03,-13.640000000001237
2020-05-30 15:27:54,BTCUSDT,Buy,1,9496.03,-13.640000000001237
2020-05-30 15:27:56,BTCUSDT,Sell,1,9495.55,-14.12000000000262
2020-05-30 15:35:51,BTCUSDT,Buy,1,9509.51,0
2020-05-30 15:35:52,BTCUSDT,Sell,1,9509.3,-0.21000000000094587
2020-05-30 16:25:40,BTCUSDT,Buy,1,9523.4,0
2020-05-30 16:25:41,BTCUSDT,Buy,1,9523.41,0
2020-05-30 16:25:43,BTCUSDT,Sell,1,9524.33,0.930000000000291
2020-05-30 16:25:44,BTCUSDT,Sell,1,9523.65,1.1700000000000728
2020-05-30 16:25:57,BTCUSDT,Buy,1,9523.62,1.1700000000000728
2020-05-30 16:25:58,BTCUSDT,Sell,1,9523.54,1.0900000000001455
2020-05-30 16:26:00,BTCUSDT,Buy,1,9523.7,1.0900000000001455
2020-05-30 16:26:02,BTCUSDT,Sell,1,9523.71,1.0999999999985448
2020-05-30 16:26:03,BTCUSDT,Buy,1,9523.71,1.0999999999985448
2020-05-30 16:26:04,BTCUSDT,Buy,1,9523.46,1.0999999999985448
2020-05-30 16:26:05,BTCUSDT,Sell,1,9523.08,0.46999999999934516
2020-05-30 16:26:07,BTCUSDT,Buy,1,9523.31,0.46999999999934516
2020-05-30 16:26:08,BTCUSDT,Sell,1,9523.24,0.25
2020-05-30 16:26:09,BTCUSDT,Sell,1,9523.24,0.18000000000029104
2020-05-30 16:26:10,BTCUSDT,Buy,1,9523.21,0.18000000000029104
2020-05-30 16:26:11,BTCUSDT,Sell,1,9522.0,-1.0299999999988358
2020-05-30 16:26:14,BTCUSDT,Buy,1,9522.02,-1.0299999999988358
2020-05-30 16:26:15,BTCUSDT,Buy,1,9522.21,-1.0299999999988358
2020-05-30 16:26:16,BTCUSDT,Buy,1,9522.21,-1.0299999999988358
2020-05-30 16:26:18,BTCUSDT,Sell,1,9522.0,-1.0499999999992724
2020-05-30 16:26:19,BTCUSDT,Sell,1,9522.01,-1.249999999998181
2020-05-30 16:26:20,BTCUSDT,Buy,1,9523.0,-1.249999999998181
2020-05-30 16:26:21,BTCUSDT,Buy,1,9523.01,-1.249999999998181
2020-05-30 16:26:24,BTCUSDT,Sell,1,9523.01,-0.4499999999970896
2020-05-30 16:26:25,BTCUSDT,Sell,1,9523.0,-0.4499999999970896
2020-05-30 16:26:26,BTCUSDT,Sell,1,9523.0,-0.4599999999973079
2020-05-30 16:26:29,BTCUSDT,Buy,1,9522.72,-0.4599999999973079
2020-05-30 16:26:32,BTCUSDT,Sell,1,9522.38,-0.7999999999974534
2020-05-30 16:26:37,BTCUSDT,Buy,1,9521.51,-0.7999999999974534
2020-05-30 16:26:38,BTCUSDT,Buy,1,9521.05,-0.7999999999974534
2020-05-30 16:26:39,BTCUSDT,Buy,1,9521.05,-0.7999999999974534
2020-05-30 16:26:42,BTCUSDT,Buy,1,9524.57,-0.7999999999974534
2020-05-30 16:26:43,BTCUSDT,Sell,1,9523.96,1.6500000000014552
2020-05-30 16:26:45,BTCUSDT,Sell,1,9523.0,3.600000000002183
2020-05-30 16:26:46,BTCUSDT,Sell,1,9522.57,5.120000000002619
2020-05-30 16:26:47,BTCUSDT,Buy,1,9523.29,5.120000000002619
2020-05-30 16:26:48,BTCUSDT,Sell,1,9522.6,3.150000000003274
2020-05-30 16:26:50,BTCUSDT,Buy,1,9522.95,3.150000000003274
2020-05-30 16:26:51,BTCUSDT,Buy,1,9523.04,3.150000000003274
2020-05-30 16:26:52,BTCUSDT,Sell,1,9522.83,2.6900000000023283
2020-05-30 16:26:53,BTCUSDT,Buy,1,9522.97,2.6900000000023283
2020-05-30 16:26:55,BTCUSDT,Buy,1,9523.0,2.6900000000023283
2020-05-30 16:26:56,BTCUSDT,Buy,1,9523.0,2.6900000000023283
2020-05-30 16:26:59,BTCUSDT,Sell,1,9523.0,2.7400000000016007
2020-05-30 16:27:00,BTCUSDT,Sell,1,9523.01,2.710000000000946
2020-05-30 16:27:01,BTCUSDT,Buy,1,9523.0,2.710000000000946
2020-05-30 16:27:02,BTCUSDT,Sell,1,9523.0,2.7400000000016007
2020-05-30 16:27:04,BTCUSDT,Buy,1,9523.01,2.7400000000016007
2020-05-30 16:27:05,BTCUSDT,Sell,1,9523.01,2.750000000001819
2020-05-30 16:27:07,BTCUSDT,Sell,1,9522.21,1.9600000000009459
2020-05-30 16:27:08,BTCUSDT,Sell,1,9521.87,0.8300000000017462
2020-05-30 16:27:09,BTCUSDT,Buy,1,9520.01,0.8300000000017462
2020-05-30 16:27:10,BTCUSDT,Buy,1,9520.01,0.8300000000017462
2020-05-30 16:27:11,BTCUSDT,Buy,1,9520.0,0.8300000000017462
2020-05-30 16:27:14,BTCUSDT,Sell,1,9520.01,-2.1699999999982538
2020-05-30 16:27:15,BTCUSDT,Buy,1,9520.0,-2.1699999999982538
2020-05-30 16:27:16,BTCUSDT,Buy,1,9520.0,-2.1699999999982538
2020-05-30 16:27:23,BTCUSDT,Sell,1,9521.88,-0.2999999999992724
2020-05-30 16:27:24,BTCUSDT,Sell,1,9521.1,0.7900000000008731
2020-05-30 16:27:26,BTCUSDT,Sell,1,9520.16,0.9500000000007276
2020-05-30 16:27:27,BTCUSDT,Sell,1,9520.31,1.2600000000002183
2020-05-30 16:27:28,BTCUSDT,Sell,1,9519.72,0.9799999999995634
2020-05-30 16:27:34,BTCUSDT,Buy,1,9519.6,0.9799999999995634
2020-05-30 16:27:36,BTCUSDT,Buy,1,9519.86,0.9799999999995634
2020-05-30 16:27:37,BTCUSDT,Buy,1,9519.53,0.9799999999995634
2020-05-30 16:27:39,BTCUSDT,Sell,1,9519.53,0.9099999999998545
2020-05-30 16:27:41,BTCUSDT,Sell,1,9520.63,1.679999999998472
2020-05-30 16:27:42,BTCUSDT,Buy,1,9520.63,1.679999999998472
2020-05-30 16:27:43,BTCUSDT,Sell,1,9520.07,2.219999999997526
2020-05-30 16:27:45,BTCUSDT,Sell,1,9521.18,2.7699999999986176
2020-05-30 16:27:51,BTCUSDT,Buy,1,9519.82,2.7699999999986176
2020-05-30 16:27:53,BTCUSDT,Sell,1,9520.34,3.289999999999054
2020-05-30 16:27:54,BTCUSDT,Buy,1,9520.61,3.289999999999054
2020-05-30 16:27:55,BTCUSDT,Buy,1,9521.16,3.289999999999054
2020-05-30 16:27:57,BTCUSDT,Buy,1,9521.49,3.289999999999054
2020-05-30 16:27:58,BTCUSDT,Sell,1,9520.5,3.179999999998472
2020-05-30 16:27:59,BTCUSDT,Buy,1,9519.95,3.179999999998472
2020-05-30 16:28:00,BTCUSDT,Sell,1,9522.01,4.029999999998836
2020-05-30 16:28:01,BTCUSDT,Sell,1,9521.05,3.5899999999983265
2020-05-30 16:28:02,BTCUSDT,Sell,1,9521.69,5.329999999998108
